<?xml version="1.0" encoding="UTF-8"?><collection xmlns="http://www.loc.gov/MARC21/slim"><record><leader>00427nam--2200133-i-4500</leader><controlfield tag="001">000046643</controlfield><controlfield tag="002">20161230</controlfield><controlfield tag="005">20161230201046</controlfield><controlfield tag="008">060222s1000------------r-----000-0-eng-d</controlfield><datafield ind1=" " ind2=" " tag="080"><subfield code="a">621.375.826(043)</subfield></datafield><datafield ind1=" " ind2=" " tag="100"><subfield code="a">Vetter, Raymond</subfield></datafield><datafield ind1=" " ind2=" " tag="245"><subfield code="a">Utilisation d`un laser monomode comme apparaeil d`analyse a haute resolution. etude du deplacement isotopique du zenon. these</subfield></datafield><datafield ind1=" " ind2=" " tag="260"><subfield code="a">Orsay, Univ.De Paris, 1970, 113p</subfield></datafield><datafield ind1=" " ind2=" " tag="852"><subfield code="a">78049</subfield></datafield></record></collection>